<?xml version="1.0" encoding="UTF-8"?><record xmlns="http://www.loc.gov/MARC21/slim" xmlns:cinclude="http://apache.org/cocoon/include/1.0" xmlns:zs="http://www.loc.gov/zing/srw/">
  <leader>00508cz  a2200133n  4500</leader>
  <controlfield tag="001">n  82277954 </controlfield>
  <controlfield tag="003">DLC</controlfield>
  <controlfield tag="005">20081126075258.0</controlfield>
  <controlfield tag="008">840402n| acannaabn          |n ana     c</controlfield>
  <datafield tag="010" ind1=" " ind2=" ">
    <subfield code="a">n  82277954 </subfield>
  </datafield>
  <datafield tag="035" ind1=" " ind2=" ">
    <subfield code="a">(OCoLC)oca01066585</subfield>
  </datafield>
  <datafield tag="040" ind1=" " ind2=" ">
    <subfield code="a">DI</subfield>
    <subfield code="b">eng</subfield>
    <subfield code="c">DLC</subfield>
    <subfield code="d">DLC</subfield>
    <subfield code="d">OCoLC</subfield>
  </datafield>
  <datafield tag="110" ind1="2" ind2=" ">
    <subfield code="a">University of Wisconsin--Parkside.</subfield>
    <subfield code="b">Applied Urban Field School</subfield>
  </datafield>
  <datafield tag="670" ind1=" " ind2=" ">
    <subfield code="a">Stoffle, R.W. Nuvugantu, Nevada Indians comment on the Intermountain Power Project, 1983:</subfield>
    <subfield code="b">t.p. (Applied Urban Field School, University of Wisconsin-Parkside)</subfield>
  </datafield>
</record>